
@article{
    milner1978,
    author  = "Robin Milner",
    journal = "Journal of Computer and System Sciences",
    year    = "1978",
    volume  = "17",
    pages   = "348--375"
}
